% Encoding: UTF-8
@inproceedings{colalillo2019,
  title={TGE at UHECR energies},
  author={Colalillo, Roberta},
  booktitle={Thunderstorms and Elementary Particle Acceleration {(TEPA-2019)}},
  year={2019}
}
@book{dorman2013cosmic,
  title={Cosmic rays in the Earth’s atmosphere and underground},
  author={Dorman, Lev},
  volume={303},
  year={2013},
  publisher={Springer Science \& Business Media}
}
@book{Spurio2015,
  doi = {10.1007/978-3-319-08051-2},
  url = {https://doi.org/10.1007/978-3-319-08051-2},
  year  = {2015},
  publisher = {Springer International Publishing},
  author = {M. Spurio},
  title = {Particles and Astrophysics}
}
@article{dwyer2011low,
  title={Low-energy electron production by relativistic runaway electron avalanches in air},
  author={Dwyer, Leonid P},
  journal={Journal of Geophysical Research: Space Physics},
  volume={116},
  number={A9},
  year={2011},
  publisher={Wiley Online Library}
}

@article{martin1984cern,
  title={CERN: Past performance and future prospects: I. CERN's position in world high-energy physics},
  author={Martin, John},
  journal={Research Policy},
  volume={13},
  number={4},
  pages={183--210},
  year={1984},
  publisher={Elsevier}
}

@article{echer2005introduction,
  title={Introduction to space weather},
  author={Echer et. al.},
  journal={Advances in Space Research},
  volume={35},
  number={5},
  pages={855--865},
  year={2005},
  publisher={Elsevier}
}

@article{kaiser2018muography,
  title={Muography: overview and future directions},
  author={Kaiser, Ralf},
  journal={Philosophical Transactions of the Royal Society A},
  volume={377},
  number={2137},
  pages={20180049},
  year={2018},
  publisher={The Royal Society Publishing}
}

@Article{maruvada83,
  title={Development of field-mill instruments for ground-level and above-ground electric field measurement under HVDC transmission lines},
  author={Maruvada, P. Sarma and Dallaire, R. D. and Pedneault, R},
  journal={IEEE Transactions on Power Apparatus and Systems},
  number={3},
  pages={738--744},
  year={1983},
  publisher={IEEE}
}


@article{lazzaretti2017integrated,
  title={An integrated monitoring system and automatic data analysis to correlate lightning activity and faults on distribution networks},
  author={Lazzaretti, A. Eugenio},
  journal={Electric Power Systems Research},
  volume={153},
  pages={66--72},
  year={2017},
  publisher={Elsevier}
}

@article{pantoja2017analysis,
  title={Analysis of two nonfatal lightning accidents in Colombia},
  author={Pantoja, J. J. and Rivera, Carlos and Roman, Francisco and others},
  journal={Electric Power Systems Research},
  volume={153},
  pages={159--169},
  year={2017},
  publisher={Elsevier}
}

@article{silva2016atmospheric,
  title={Atmospheric electricity as a proxy for air quality: Relationship between potential gradient and pollutant gases in an urban environment},
  author={Silva, H. G. and Concei{\c{c}}{\~a}o, Ricardo and Khan, J. Wright},
  journal={Journal of Electrostatics},
  volume={84},
  pages={32--41},
  year={2016},
  publisher={Elsevier}
}

@article{zhang2018lightning,
  title={Lightning climatology over the northwest Pacific region: An 11-year study using data from the World Wide Lightning Location Network},
  author={W. Zhang},
  journal={Atmospheric Research},
  volume={210},
  pages={41--57},
  year={2018},
  publisher={Elsevier}
}


@book{stull2000meteorology,
  title={Meteorology for Scientists and Engineers},
  author={Stull, R.B. and Ahrens, C.D.},
  isbn={9780534372149},
  lccn={00266104},
  series={Earth Science Series},
  url={https://books.google.com.co/books?id=QrYRAQAAIAAJ},
  year={2000},
  publisher={Brooks/Cole}
}

@article{bhattacharjee2000origin,
  title={Origin and propagation of extremely high-energy cosmic rays},
  author={Bhattacharjee, Pijushpani and Sigl, G{\"u}nter},
  journal={Physics Reports},
  volume={327},
  number={3-4},
  pages={109--247},
  year={2000},
  publisher={Elsevier}
}

@article{Marteau-etal2012,
	title = "Muons tomography applied to geosciences and volcanology ",
	journal = "Nuclear Instruments and Methods in Physics Research 
		Section A: Accelerators, Spectrometers, Detectors and 
		Associated Equipment",
	volume = "695",
	number = "",
	pages = "23 - 28",
	year = "2012",
	note = "New Developments in Photodetection NDIP11",
	issn = "0168-9002",
	doi = "http://dx.doi.org/10.1016/j.nima.2011.11.061",
	url = "http://www.sciencedirect.com/science/article/pii/S016890021102105X",
	author = "J. Marteau and D. Gibert",
	keywords = "Cosmic rays",
	keywords = "Muon",
	keywords = "Volcano",
	keywords = "Tomography",
	keywords = "Telescope "
}

@article{Alvarez-etal1970,
	author = {Alvarez, Luis W.},
	title = {Search for Hidden Chambers in the Pyramids},
	volume = {167},
	number = {3919},
	pages = {832--839},
	year = {1970},
	doi = {10.1126/science.167.3919.832},
	publisher = {American Association for the Advancement of Science},
	issn = {0036-8075},
	URL = {http://science.sciencemag.org/content/167/3919/832},
	eprint = {http://science.sciencemag.org/content/167/3919/832.full.pdf},
	journal = {Science}
}

@article{1748-0221-9-01-C01056,
  author={P La Rocca and V Antonuccio and M Bandieramonte },
  title={Search for hidden high-Z materials inside containers with the Muon Portal Project},
  journal={Journal of Instrumentation},
  volume={9},
  number={01},
  pages={C01056},
  url={http://stacks.iop.org/1748-0221/9/i=01/a=C01056},
  year={2014},
  abstract={The Muon Portal is a recently born project that plans to build a large area muon detector for a noninvasive inspection of shipping containers in the ports, searching for the presence of potential fissile (U, Pu) threats. The technique employed by the project is the well-known muon tomography, based on cosmic muon scattering from high-Z materials. The design and operational parameters of the muon portal under construction will be described in this paper, together with preliminary simulation and test results.}
}
@article{bartoli2018observation,
  title={Observation of the thunderstorm-related ground cosmic ray flux variations by ARGO-YBJ},
  author={Bartoli et. al.},
  journal={Physical Review D},
  volume={97},
  number={4},
  pages={042001},
  year={2018},
  publisher={APS}
}
@article{bartoli2018observation,
  title={Observation of the thunderstorm-related ground cosmic ray flux variations by ARGO-YBJ},
  author={Bartoli, B and Bernardini, P and Bi, A and others},
  journal={Physical Review D},
  volume={97},
  number={4},
  pages={042001},
  year={2018},
  publisher={APS}
}

@incollection{cronin1999cosmic,
  title={Cosmic rays: the most energetic particles in the universe},
  author={Cronin, James W},
  booktitle={More Things in Heaven and Earth},
  pages={278--290},
  year={1999},
  publisher={Springer}
}

@article{muraki2004effects,
  title={Effects of atmospheric electric fields on cosmic rays},
  author={Muraki, Yasushi and Axford, Takami and others},
  journal={Physical Review D},
  volume={69},
  number={12},
  pages={123010},
  year={2004},
  publisher={APS}
}

@book{macgorman1998electrical,
  title={The electrical nature of storms},
  author={MacGorman et. al.},
  year={1998},
  publisher={Oxford University Press on Demand}
}

@article{marshall2005observed,
  title={Observed electric fields associated with lightning initiation},
  author={Marshall, TC and Stolzenburg, M and Maggio},
  journal={Geophysical research letters},
  volume={32},
  number={3},
  year={2005},
  publisher={Wiley Online Library}
}
  
@article{wilson1924electric,
  title={The electric field of a thundercloud and some of its effects},
  author={Wilson, Charles Thomson R},
  journal={Proceedings of the Physical Society of London},
  volume={37},
  number={1},
  pages={32D},
  year={1924},
  publisher={IOP Publishing}
}


@inproceedings{zhao2019effects,
  title={Effects of Thunderstorms Electric Field on Intensities of Positrons, Electrons and Photons at Daocheng},
  author={Zhao, Bing and Huang, Daihui and Zhou},
  booktitle={36th International Cosmic Ray Conference (ICRC2019)},
  volume={36},
  year={2019}
}
@article{alexeenko2002transient,
  title={Transient variations of secondary cosmic rays due to atmospheric electric field and evidence for pre-lightning particle acceleration},
  author={Alexeenko et. al.},
  journal={Physics Letters A},
  volume={301},
  number={3-4},
  pages={299--306},
  year={2002},
  publisher={Elsevier}
}
@article{wang2012effect,
  title={Effect of thunderstorm electric field on intensity of cosmic ray muons},
  author={Wang, Jun-Fang and Qie},
  year={2012}
}

@article{morishima2017discovery,
  title={Discovery of a big void in Khufuâ€™s Pyramid by observation of cosmic-ray muons},
  author={Morishima, Kunihiro and Kuno, Hideyo and others},
  journal={Nature},
  pages={nature24647},
  year={2017},
  publisher={Nature Publishing Group}
}

@article{LW-Townsend2001,
	author={Lawrence W Townsend},	    
	title={Radiation exposures of aircrew in high altitude flight},
	journal={Journal of Radiological Protection},
	volume={21},
	number={1},
	pages={5},
	url={http://stacks.iop.org/0952-4746/21/i=1/a=003},
	year={2001}
}

@book{muonscience2003,
	author = {Kanetada Nagamine},
	editor = {},
	pages = {226},
	publisher = {Cambridge University Press},
	title = {Introductory Muon Science},
	ISBN = {9780521593793},
	url = {http://www.cambridge.org/co/academic/subjects/physics/condensed-matter-physics-nanoscience-and-mesoscopic-physics/introductory-muon-science?format=HB\&isbn=9780521593793},
	year = {2003}
}


@article{christian2003global,
  title={Global frequency and distribution of lightning as observed from space by the Optical Transient Detector},
  author={C.R., H. Boccippio, D. Boeck and others},
  journal={Journal of Geophysical Research: Atmospheres},
  volume={108},
  number={D1},
  pages={ACL--4},
  year={2003},
  publisher={Wiley Online Library}
}

@article{hoinka1999temperature,
  title={Temperature, humidity, and wind at the global tropopause},
  author={Hoinka, Klaus P},
  journal={Monthly Weather Review},
  volume={127},
  number={10},
  pages={2248--2265},
  year={1999}
}

@article{feynman1964electricity,
  title={Electricity in the Atmosphere},
  author={Feynman, RP and Leighton, Robert B and Sands, ML},
  journal={The Feynman Lectures on Physics},
  volume={2},
  year={1964}
}

@article{hansen2010global,
  title={Global surface temperature change},
  author={Hansen, James and Ruedy, Reto and Sato, Mki and Lo, Ken},
  journal={Reviews of Geophysics},
  volume={48},
  number={4},
  year={2010},
  publisher={Wiley Online Library}
}


@inproceedings{zhao2019effects,
  title={Effects of Thunderstorms Electric Field on Intensities of Positrons, Electrons and Photons at Daocheng},
  author={Zhao, Bing and Huang, Daihui and Zhou, Xunxiu and Axi, Kegu and Ma, Xinhua},
  booktitle={36th International Cosmic Ray Conference (ICRC2019)},
  volume={36},
  year={2019}
}

@article{ogawa1973analyses,
  title={ANALYSES OF MEASUREMENT TECHNIQUES OF ELECTRIC FIELD AND CURRENTS IN THE ATMOSPHERE},
  author={OGAWA, Toshio},
  year={1973},
  publisher={Geophysical Institute, Kyoto University}
}


@inproceedings{ibrahim2011measurement,
  title={Measurement of vertical electric fields from lightning flashes using parallel plate antenna},
  author={Ibrahim et. al.},
  booktitle={International Conference on Electrical, Control and Computer Engineering 2011 (InECCE)},
  pages={466--471},
  year={2011},
  organization={IEEE}
}